@article{nomizu_formula_1969,
	title    = {A formula of {Simons}' type and hypersurfaces with constant mean curvature},
	volume   = {3},
	issn     = {0022-040X},
	url      = {http://projecteuclid.org/euclid.jdg/1214429059},
	doi      = {10.4310/jdg/1214429059},
	language = {en},
	number   = {3-4},
	urldate  = {2021-02-13},
	journal  = {Journal of Differential Geometry},
	author   = {Nomizu, Katsumi and Smyth, Brian},
	year     = {1969},
	pages    = {367--377},
}
@book{carmo_riemannian_1992,
	address   = {Boston},
	series    = {Mathematics. {Theory} \& applications},
	title     = {Riemannian geometry},
	isbn      = {978-0-8176-3490-2 978-3-7643-3490-1},
	language  = {eng},
	publisher = {Birkhäuser},
	author    = {Carmo, Manfredo Perdigão do},
	year      = {1992},
	keywords  = {Geometry, Riemannian},
	annote    = {Translation of the 2nd ed. of: Geometria riemanniana},
}
@article{simons_minimal_1968,
	title   = {Minimal {Varieties} in {Riemannian} {Manifolds}},
	volume  = {88},
	issn    = {0003486X},
	url     = {https://www.jstor.org/stable/1970556?origin=crossref},
	doi     = {10.2307/1970556},
	number  = {1},
	urldate = {2023-05-07},
	journal = {The Annals of Mathematics},
	author  = {Simons, James},
	month   = jul,
	year    = {1968},
	pages   = {62},
}
