@book{ilic2018mastering,
  title={Mastering Vim Quickly: From WTF to OMG in no time},
  author={Ilic, Jovica},
  year={2018},
  publisher={Independently published}
}
@article{neil2015practical,
  title={Practical Vim: Edit Text at the Speed of Thought},
  author={Neil, Drew},
  year={2015},
  publisher={The Pragmatic Bookshelf}
}
@book{jargas2016expressoes,
  title={Express{\~o}es Regulares: Uma Abordagem Divertida},
  author={Jargas, Aurelio Marinho},
  year={2016},
  publisher={Novatec Editora}
}
